<record><leader>00000cas a2200000 a 4500</leader><controlfield tag="001">12956759</controlfield><controlfield tag="008">851227d18911891arudn ne      0    0eng d</controlfield><datafield ind1=" " ind2=" " tag="010"><subfield code="a">sn 85032969 </subfield></datafield><datafield ind1=" " ind2=" " tag="040"><subfield code="a">KSH</subfield><subfield code="b">eng</subfield><subfield code="c">KSH</subfield><subfield code="d">NPT</subfield><subfield code="d">ANU</subfield><subfield code="d">OCL</subfield><subfield code="d">OCLCQ</subfield></datafield><datafield ind1=" " ind2=" " tag="042"><subfield code="a">msc</subfield></datafield><datafield ind1="0" ind2=" " tag="130"><subfield code="a">Daily Jacksonian (Heber, Ark.)</subfield></datafield><datafield ind1="1" ind2="4" tag="245"><subfield code="a">The Daily Jacksonian.</subfield></datafield><datafield ind1=" " ind2=" " tag="260"><subfield code="a">Heber, Cleburne County, Ark. :</subfield><subfield code="b">George W. Reed</subfield></datafield><datafield ind1=" " ind2=" " tag="300"><subfield code="a">v.</subfield></datafield><datafield ind1=" " ind2=" " tag="310"><subfield code="a">Daily (except Sunday)</subfield></datafield><datafield ind1="0" ind2=" " tag="362"><subfield code="a">1st year, no. 1 (Aug. 12, 1891)-1st year, no. 15 (Aug. 28, 1891).</subfield></datafield><datafield ind1=" " ind2=" " tag="500"><subfield code="a">Published during the two week assemblage of a camp meeting.</subfield></datafield><datafield ind1=" " ind2=" " tag="752"><subfield code="a">United States</subfield><subfield code="b">Arkansas</subfield><subfield code="c">Cleburne</subfield><subfield code="d">Heber Springs.</subfield></datafield><datafield ind1=" " ind2=" " tag="752"><subfield code="a">United States</subfield><subfield code="b">Arkansas</subfield><subfield code="c">Cleburne</subfield><subfield code="d">Heber.</subfield></datafield><datafield ind1=" " ind2=" " tag="752"><subfield code="a">United States</subfield><subfield code="b">Arkansas</subfield><subfield code="c">Cleburne</subfield><subfield code="d">Sugar Loaf.</subfield></datafield><datafield ind1="0" ind2=" " tag="775"><subfield code="t">Jacksonian (Heber, Ark.)</subfield><subfield code="w">(DLC)sn 85032966</subfield></datafield><datafield ind1="1" ind2=" " tag="029"><subfield code="a">AU@</subfield><subfield code="b">000022025851</subfield></datafield></record>